pold@volker-laptop.4263:1470757114