@article{little1988test,
  title={A test of missing completely at random for multivariate data with missing values},
  author={Little, Roderick JA},
  journal={Journal of the American Statistical Association},
  volume={83},
  number={404},
  pages={1198--1202},
  year={1988},
  publisher={Taylor \& Francis}
}
